<collection xmlns="http://www.loc.gov/MARC21/slim">
<record>
  <leader>01287nam0a22002171i 450 </leader>
  <controlfield tag="001">IT\ICCU\CNCE\042896</controlfield>
  <controlfield tag="005">20171121000000.0</controlfield>
  <datafield tag="012" ind1=" " ind2=" ">
    <subfield code="a">e-ti hotu ale. lee&amp; (C) 1541 (Q)</subfield>
    <subfield code="2">fei</subfield>
  </datafield>
  <datafield tag="100" ind1=" " ind2=" ">
    <subfield code="a">19981219f1541        0itac0103    ba</subfield>
  </datafield>
  <datafield tag="101" ind1=" " ind2=" ">
    <subfield code="a">ITA</subfield>
  </datafield>
  <datafield tag="102" ind1=" " ind2=" ">
    <subfield code="a">IT</subfield>
  </datafield>
  <datafield tag="200" ind1="1" ind2=" ">
    <subfield code="a">℗La ℗lettera mandata dal r. padre frate Francesco da Bologna, da Lindia ouer noua Spagna, &amp; dalla Citt ̉di Mexico al r.p. frate Clemente da Monelia, ministro della prouincia di Bologna, &amp;  ̉tutti li venerandi padri di essa prouincia. Tradotta in uulgare da uno frate dil prefato ordine de minori d&apos;osseruanza. Doue si narra la qualit ̉dell&apos;aere di detto mondo nouo, la grandezza del paese, l&apos;oro, l&apos;argento, e pietre preciose ...</subfield>
  </datafield>
  <datafield tag="210" ind1=" " ind2=" ">
    <subfield code="e">In Bologna</subfield>
    <subfield code="g">per Bartholomeo Bonardo</subfield>
    <subfield code="h">&amp; Marco Antonio Groscio</subfield>
    <subfield code="h">\non dopo il 1541!</subfield>
  </datafield>
  <datafield tag="215" ind1=" " ind2=" ">
    <subfield code="a">\4! c.</subfield>
    <subfield code="d">4ʻ</subfield>
  </datafield>
  <datafield tag="300" ind1=" " ind2=" ">
    <subfield code="a">La data si ricava dalla carica di provinciale dell&apos;ordine di Clemente da Monelia</subfield>
  </datafield>
  <datafield tag="620" ind1=" " ind2=" ">
    <subfield code="a">IT</subfield>
    <subfield code="d">Bologna</subfield>
  </datafield>
  <datafield tag="700" ind1=" " ind2="1">
    <subfield code="a">All,̈</subfield>
    <subfield code="b">Francesco</subfield>
    <subfield code="3">IT\ICCU\CNCA\029026</subfield>
  </datafield>
  <datafield tag="712" ind1="0" ind2="0">
    <subfield code="a">Bonardo, Bartolomeo &amp; Grossi, Marcantonio</subfield>
    <subfield code="3">IT\ICCU\CNCT\000353</subfield>
    <subfield code="4">650</subfield>
  </datafield>
  <datafield tag="790" ind1=" " ind2="0">
    <subfield code="a">Francesco</subfield>
    <subfield code="c"> : da#Bologna</subfield>
    <subfield code="c"> &lt;missionario&gt;</subfield>
    <subfield code="3">IT\ICCU\CNCA\029027</subfield>
    <subfield code="z">All,̈ Francesco</subfield>
  </datafield>
  <datafield tag="801" ind1=" " ind2="3">
    <subfield code="a">IT</subfield>
    <subfield code="b">ICCU</subfield>
    <subfield code="c">20201114</subfield>
  </datafield>
  <datafield tag="899" ind1=" " ind2=" ">
    <subfield code="a">Archivio storico civico e Biblioteca Trivulziana. Milano</subfield>
    <subfield code="1">MI0327</subfield>
    <subfield code="2">LO1 13</subfield>
  </datafield>
</record>
</collection>
